@article{Cho2014,
    title={{Learning Phrase Representations using RNN Encoder-Decoder for Statistical Machine Translation}},
    author={{Kyunghyun Cho{,} Bart van Merrienboer{,} Caglar Gulcehre{,} Dzmitry Bahdanau{,} Fethi Bougares{,} Holger Schwenk{,} Yoshua Bengio}},
    journal={Computation and Language (cs.CL){,} Machine Learning (cs.LG){,} Neural and Evolutionary Computing (cs.NE){,} Machine Learning (stat.ML},
    year={2014},
    month={June}
}

@article{Schmidhuber1997,
    title={{Long Short-Term Memory}},
    author={{Jurgen Schmidhuber{,} Sepp Hochreiter}},
    journal={Neural Computation},
    year={1997}
}

@article{Vaswani2017,
    title={{Attention Is All You Need}},
    author={{Ashish Vaswani{,} Noam Shazeer{,} Niki Parmar{,} Jakob Uszkoreit{,} Llion Jones{,} Aidan N. Gomez{,} Lukasz Kaiser{,} Illia Polosukhin}},
    journal={Computation and Language (cs.CL){,} Machine Learning (cs.LG)},
    year={2017}
}

@article{Papineni2002,
    title={{BLEU: a Method for Automatic Evaluation of Machine Translation}},
    author={{Kishore Papineni{,} Salim Roukos{,} Todd Ward{,} and Wei-Jing Zhu}},
    year={2002}
}

@inproceedings{rehurek_lrec,
      title = {{Software Framework for Topic Modelling with Large Corpora}},
      author = {Radim {\v R}eh{\r u}{\v r}ek{,} Petr Sojka},
      booktitle = {{Proceedings of the LREC 2010 Workshop on New Challenges for NLP Frameworks}},
      pages = {45--50},
      year = 2010,
      month = May,
      day = 22,
      publisher = {ELRA},
      address = {Valletta, Malta},
      note={\url{http://is.muni.cz/publication/884893/en}}
}

@inproceedings{opus2018,
      title = {{OpenSubtitles2016: Extracting Large Parallel Corpora from Movie and TV Subtitles.}},
      author = {{P. Lison{,} J. Tiedemann}},
      year = 2016,
      note={In Proceedings of the 10th International Conference on Language Resources and Evaluation (LREC 2016)}
}

@INPROCEEDINGS{Loper02nltk:the,
    author = {Edward Loper and Steven Bird},
    title = {NLTK: The Natural Language Toolkit},
    booktitle = {In Proceedings of the ACL Workshop on Effective Tools and Methodologies for Teaching Natural Language Processing and Computational Linguistics. Philadelphia: Association for Computational Linguistics},
    year = {2002}
}